<record><leader>00000cas a2200000 a 4500</leader><controlfield tag="001">15468221</controlfield><controlfield tag="008">870331d18601861kyuwr ne      0    0eng d</controlfield><datafield ind1=" " ind2=" " tag="010"><subfield code="a">sn 87090181 </subfield></datafield><datafield ind1=" " ind2=" " tag="040"><subfield code="a">PPM</subfield><subfield code="b">eng</subfield><subfield code="c">PPM</subfield><subfield code="d">KNP</subfield><subfield code="d">OCL</subfield><subfield code="d">OCLCQ</subfield><subfield code="d">OCLCF</subfield><subfield code="d">OCLCO</subfield></datafield><datafield ind1=" " ind2=" " tag="042"><subfield code="a">msc</subfield></datafield><datafield ind1=" " ind2=" " tag="043"><subfield code="a">n-us-ky</subfield></datafield><datafield ind1="0" ind2="0" tag="245"><subfield code="a">Southern Kentucky register.</subfield></datafield><datafield ind1=" " ind2=" " tag="260"><subfield code="a">Madisonville, Ky. :</subfield><subfield code="b">Kissinger &amp; Johnson,</subfield><subfield code="c">1860-1861.</subfield></datafield><datafield ind1=" " ind2=" " tag="300"><subfield code="a">v.</subfield></datafield><datafield ind1=" " ind2=" " tag="310"><subfield code="a">Weekly</subfield></datafield><datafield ind1="0" ind2=" " tag="362"><subfield code="a">Vol. 1, no. 1 (Jan. 7, 1860)-v. 2, no. 19 (May 11, 1861).</subfield></datafield><datafield ind1=" " ind2="0" tag="651"><subfield code="a">Hopkins County (Ky.)</subfield><subfield code="v">Newspapers.</subfield></datafield><datafield ind1=" " ind2="0" tag="651"><subfield code="a">Madisonville (Ky.)</subfield><subfield code="v">Newspapers.</subfield></datafield><datafield ind1=" " ind2="7" tag="655"><subfield code="a">Newspapers.</subfield><subfield code="2">fast</subfield><subfield code="0">(OCoLC)fst01423814</subfield></datafield><datafield ind1=" " ind2="7" tag="651"><subfield code="a">Kentucky</subfield><subfield code="z">Hopkins County.</subfield><subfield code="2">fast</subfield><subfield code="0">(OCoLC)fst01208580</subfield></datafield><datafield ind1=" " ind2="7" tag="651"><subfield code="a">Kentucky</subfield><subfield code="z">Madisonville.</subfield><subfield code="2">fast</subfield><subfield code="0">(OCoLC)fst01217532</subfield></datafield><datafield ind1=" " ind2=" " tag="752"><subfield code="a">United States</subfield><subfield code="b">Kentucky</subfield><subfield code="c">Hopkins</subfield><subfield code="d">Madisonville.</subfield></datafield></record>